<mx:record xmlns="http://www.w3.org/TR/xhtml1/strict" xmlns:mx="http://www.loc.gov/MARC21/slim" xmlns:xsi="http://www.w3.org/2001/XMLSchema-instance"><mx:leader>00000cz   2200000n  4500</mx:leader><mx:controlfield tag="001">oca00263469 </mx:controlfield><mx:controlfield tag="003">OCoLC</mx:controlfield><mx:controlfield tag="005">20061026051637.0</mx:controlfield><mx:controlfield tag="008">790420n| acannaabn          |a aaa      </mx:controlfield><mx:datafield ind1=" " ind2=" " tag="010"><mx:subfield code="a">n  79029805 </mx:subfield></mx:datafield><mx:datafield ind1=" " ind2=" " tag="040"><mx:subfield code="a">DLC</mx:subfield><mx:subfield code="b">eng</mx:subfield><mx:subfield code="c">DLC</mx:subfield><mx:subfield code="d">DLC</mx:subfield><mx:subfield code="d">InU</mx:subfield><mx:subfield code="d">NIC</mx:subfield><mx:subfield code="d">NN</mx:subfield></mx:datafield><mx:datafield ind1="0" ind2=" " tag="100"><mx:subfield code="a">Boethius,</mx:subfield><mx:subfield code="d">d. 524</mx:subfield></mx:datafield><mx:datafield ind1="0" ind2=" " tag="400"><mx:subfield code="a">Boetius,</mx:subfield><mx:subfield code="d">d. 524</mx:subfield></mx:datafield><mx:datafield ind1="0" ind2=" " tag="400"><mx:subfield code="a">Boʹisi,</mx:subfield><mx:subfield code="d">d. 524</mx:subfield></mx:datafield><mx:datafield ind1="0" ind2=" " tag="400"><mx:subfield code="a">Boezio,</mx:subfield><mx:subfield code="d">d. 524</mx:subfield></mx:datafield><mx:datafield ind1="1" ind2=" " tag="400"><mx:subfield code="a">Boezio, Anicio Manlio Severino,</mx:subfield><mx:subfield code="d">d. 524</mx:subfield></mx:datafield><mx:datafield ind1="0" ind2=" " tag="400"><mx:subfield code="a">Boèce,</mx:subfield><mx:subfield code="d">d. 524</mx:subfield></mx:datafield><mx:datafield ind1="0" ind2=" " tag="400"><mx:subfield code="a">Boezio Severino,</mx:subfield><mx:subfield code="d">d. 524</mx:subfield></mx:datafield><mx:datafield ind1="0" ind2=" " tag="400"><mx:subfield code="a">Boezio Seuerino,</mx:subfield><mx:subfield code="d">d. 524</mx:subfield></mx:datafield><mx:datafield ind1="1" ind2=" " tag="400"><mx:subfield code="a">Boezio, Severino,</mx:subfield><mx:subfield code="d">d. 524</mx:subfield></mx:datafield><mx:datafield ind1="1" ind2=" " tag="400"><mx:subfield code="a">Boezio, Seuerino,</mx:subfield><mx:subfield code="d">d. 524</mx:subfield></mx:datafield><mx:datafield ind1="1" ind2=" " tag="400"><mx:subfield code="a">Boethius, Anicius Manlius Severinus,</mx:subfield><mx:subfield code="d">d. 524</mx:subfield></mx:datafield><mx:datafield ind1="0" ind2=" " tag="400"><mx:subfield code="a">Boėt︠s︡iĭ,</mx:subfield><mx:subfield code="d">d. 524</mx:subfield></mx:datafield><mx:datafield ind1="1" ind2=" " tag="400"><mx:subfield code="a">Boėt︠s︡iĭ, Severin,</mx:subfield><mx:subfield code="d">d. 524</mx:subfield></mx:datafield><mx:datafield ind1="0" ind2=" " tag="400"><mx:subfield code="a">Severin Boėt︠s︡iĭ,</mx:subfield><mx:subfield code="d">d. 524</mx:subfield></mx:datafield><mx:datafield ind1="0" ind2=" " tag="400"><mx:subfield code="a">Boecio,</mx:subfield><mx:subfield code="d">d. 524</mx:subfield></mx:datafield><mx:datafield ind1="0" ind2=" " tag="400"><mx:subfield code="a">Severinus Boethus,</mx:subfield><mx:subfield code="d">d. 524</mx:subfield></mx:datafield><mx:datafield ind1="1" ind2=" " tag="400"><mx:subfield code="a">Boethus, Severinus,</mx:subfield><mx:subfield code="d">d. 524</mx:subfield></mx:datafield><mx:datafield ind1="0" ind2=" " tag="400"><mx:subfield code="a">Boeces,</mx:subfield><mx:subfield code="d">d. 524</mx:subfield></mx:datafield><mx:datafield ind1="1" ind2=" " tag="400"><mx:subfield code="a">Boecio, A. M. S.,</mx:subfield><mx:subfield code="d">d. 524</mx:subfield></mx:datafield><mx:datafield ind1="1" ind2=" " tag="400"><mx:subfield code="a">Boetius, Auitius Torquatus Severinus,</mx:subfield><mx:subfield code="d">d. 524</mx:subfield></mx:datafield><mx:datafield ind1="1" ind2=" " tag="400"><mx:subfield code="a">Boetius, Auitius Maulius Torquatus Severinus,</mx:subfield><mx:subfield code="d">d. 524</mx:subfield></mx:datafield><mx:datafield ind1=" " ind2=" " tag="670"><mx:subfield code="a">His Boezio Seuerino della consolazione della filosofia, 1551:</mx:subfield><mx:subfield code="b">t.p. (BOEZIO SEVERINO) p. 3 (Seuerino Boezio)</mx:subfield></mx:datafield><mx:datafield ind1=" " ind2=" " tag="670"><mx:subfield code="a">Index Aureliensis</mx:subfield><mx:subfield code="b">(Boethius, Anicius Manlius Severinus, ca. 480-524?)</mx:subfield></mx:datafield><mx:datafield ind1=" " ind2=" " tag="670"><mx:subfield code="a">Srednevekovʹe v svidetelʹstvakh sovremennikov, 1984:</mx:subfield><mx:subfield code="b">t.p. (Boethius) p. 4 (Boėt︠s︡iĭ; Severin Boėt︠s︡iĭ)</mx:subfield></mx:datafield><mx:datafield ind1=" " ind2=" " tag="670"><mx:subfield code="a">Thomas, Aquinas, Saint, 1225?-1274. Santo Tomás de Aquino exposición del "De Trinitate" de Boecio, 1986.</mx:subfield></mx:datafield><mx:datafield ind1=" " ind2=" " tag="670"><mx:subfield code="a">Aristotelis Stagiritae Organum quod Logicam appellant, 1579:</mx:subfield><mx:subfield code="b">p. 56 (...Severino Boetho)</mx:subfield></mx:datafield><mx:datafield ind1=" " ind2=" " tag="670"><mx:subfield code="a">De consolacion, 1996:</mx:subfield><mx:subfield code="b">t.p. (Boeces)</mx:subfield></mx:datafield><mx:datafield ind1=" " ind2=" " tag="670"><mx:subfield code="a">La consolación de filosofía, 2003:</mx:subfield><mx:subfield code="b">CIP t.p. (A.M.S. Boecio)</mx:subfield></mx:datafield><mx:datafield ind1=" " ind2=" " tag="670"><mx:subfield code="a">Auitij Torquati Seuerini Boetij viri no[min]is celebritate q[ue]memora[n]di: textus de ph[ilosoph]ie [con]solatione, 1486:</mx:subfield><mx:subfield code="b">colophon (Auitij Torquati Seuerini Boetij ) p. [13] (Auitij Maulij Torquati Seuerini Boetij)</mx:subfield></mx:datafield><mx:datafield ind1=" " ind2=" " tag="999"><mx:subfield code="a">466920.7037</mx:subfield></mx:datafield></mx:record>